%YAML 1.1
%TAG !u! tag:unity3d.com,2011:
--- !u!1001 &100100000
Prefab:
  m_ObjectHideFlags: 1
  serializedVersion: 2
  m_Modification:
    m_TransformParent: {fileID: 0}
    m_Modifications: []
    m_RemovedComponents: []
  m_ParentPrefab: {fileID: 0}
  m_RootGameObject: {fileID: 1830968545603518}
  m_IsPrefabParent: 1
--- !u!1 &1830968545603518
GameObject:
  m_ObjectHideFlags: 0
  m_PrefabParentObject: {fileID: 0}
  m_PrefabInternal: {fileID: 100100000}
  serializedVersion: 5
  m_Component:
  - component: {fileID: 4747186367489392}
  - component: {fileID: 114339712118265178}
  - component: {fileID: 114047893268815798}
  - component: {fileID: 114747550132282434}
  - component: {fileID: 114283565651063702}
  m_Layer: 0
  m_Name: GameController
  m_TagString: Untagged
  m_Icon: {fileID: 0}
  m_NavMeshLayer: 0
  m_StaticEditorFlags: 0
  m_IsActive: 1
--- !u!4 &4747186367489392
Transform:
  m_ObjectHideFlags: 1
  m_PrefabParentObject: {fileID: 0}
  m_PrefabInternal: {fileID: 100100000}
  m_GameObject: {fileID: 1830968545603518}
  m_LocalRotation: {x: 0.40821788, y: -0.23456968, z: 0.10938163, w: 0.8754261}
  m_LocalPosition: {x: 4, y: 3, z: -8.87}
  m_LocalScale: {x: 1, y: 1, z: 1}
  m_Children: []
  m_Father: {fileID: 0}
  m_RootOrder: 0
  m_LocalEulerAnglesHint: {x: 0, y: 0, z: 0}
--- !u!114 &114047893268815798
MonoBehaviour:
  m_ObjectHideFlags: 1
  m_PrefabParentObject: {fileID: 0}
  m_PrefabInternal: {fileID: 100100000}
  m_GameObject: {fileID: 1830968545603518}
  m_Enabled: 1
  m_EditorHideFlags: 0
  m_Script: {fileID: 11500000, guid: 69525e2906f20ef47a52901d5ddc5c69, type: 3}
  m_Name: 
  m_EditorClassIdentifier: 
  Guns:
  - GunName: Pistol
    GunProjectile: {fileID: 1130951172456942, guid: 3c56725e47e6ff54b888077c297979db,
      type: 2}
    Gunshot: {fileID: 8300000, guid: 774702921f8d27144a34d750f21b0acb, type: 3}
    GunFireRate: 0.1
    GunKickback: 0.1
    isAutomatic: 0
    FiringPositionVerticalOffset: 0.26
    FiringPositionHorizontalOffset: 0.03
    FiringPositionForwardOffset: 1
    GunDamage: 50
    gunShotName: pistol sound
--- !u!114 &114283565651063702
MonoBehaviour:
  m_ObjectHideFlags: 1
  m_PrefabParentObject: {fileID: 0}
  m_PrefabInternal: {fileID: 100100000}
  m_GameObject: {fileID: 1830968545603518}
  m_Enabled: 1
  m_EditorHideFlags: 0
  m_Script: {fileID: 11500000, guid: 128bb12e7f697314d838b66a8e6e87da, type: 3}
  m_Name: 
  m_EditorClassIdentifier: 
  PauseMenu:
  - Name: Continue
    Action:
      m_PersistentCalls:
        m_Calls:
        - m_Target: {fileID: 114283565651063702}
          m_MethodName: DeactivateMenu
          m_Mode: 1
          m_Arguments:
            m_ObjectArgument: {fileID: 0}
            m_ObjectArgumentAssemblyTypeName: UnityEngine.Object, UnityEngine
            m_IntArgument: 0
            m_FloatArgument: 0
            m_StringArgument: 
            m_BoolArgument: 0
          m_CallState: 1
      m_TypeName: UnityEngine.Events.UnityEvent, UnityEngine.CoreModule, Version=0.0.0.0,
        Culture=neutral, PublicKeyToken=null
  - Name: Restart
    Action:
      m_PersistentCalls:
        m_Calls:
        - m_Target: {fileID: 1830968545603518}
          m_MethodName: 
          m_Mode: 1
          m_Arguments:
            m_ObjectArgument: {fileID: 0}
            m_ObjectArgumentAssemblyTypeName: 
            m_IntArgument: 0
            m_FloatArgument: 0
            m_StringArgument: 
            m_BoolArgument: 0
          m_CallState: 2
      m_TypeName: UnityEngine.Events.UnityEvent, UnityEngine.CoreModule, Version=0.0.0.0,
        Culture=neutral, PublicKeyToken=null
  - Name: Quit
    Action:
      m_PersistentCalls:
        m_Calls:
        - m_Target: {fileID: 114283565651063702}
          m_MethodName: ExitGame
          m_Mode: 1
          m_Arguments:
            m_ObjectArgument: {fileID: 0}
            m_ObjectArgumentAssemblyTypeName: UnityEngine.Object, UnityEngine
            m_IntArgument: 0
            m_FloatArgument: 0
            m_StringArgument: 
            m_BoolArgument: 0
          m_CallState: 1
      m_TypeName: UnityEngine.Events.UnityEvent, UnityEngine.CoreModule, Version=0.0.0.0,
        Culture=neutral, PublicKeyToken=null
  UIFont: {fileID: 12800000, guid: 7de5aa5c53ef1c34d9b43896f1e10cc3, type: 3}
  PauseMenuElementSpacing: 0.1
  PauseMenuSelectorUIHeight: 0.1
  MenuElementDimensions: {x: 200, y: 50}
  _uiBackground: {r: 0, g: 0, b: 0, a: 0.78431374}
  _SelectedElementColor: {r: 1, g: 0, b: 0, a: 0.5529412}
  MenuLerp: 0.1
  GameIsPaused: 0
  PauseMenuSelector: 0
  HUD: {fileID: 0}
--- !u!114 &114339712118265178
MonoBehaviour:
  m_ObjectHideFlags: 1
  m_PrefabParentObject: {fileID: 0}
  m_PrefabInternal: {fileID: 100100000}
  m_GameObject: {fileID: 1830968545603518}
  m_Enabled: 1
  m_EditorHideFlags: 0
  m_Script: {fileID: 11500000, guid: 0aeac87a1f86eb04badf10cb69bf8208, type: 3}
  m_Name: 
  m_EditorClassIdentifier: 
  waves:
  - name: Round 1
    enemy: {fileID: 4624416607240220, guid: e9e0fe447ddea3c49b785859469d8306, type: 2}
    count: 1
    rate: 5
  - name: Round 2
    enemy: {fileID: 4624416607240220, guid: e9e0fe447ddea3c49b785859469d8306, type: 2}
    count: 30
    rate: 1
  - name: Round 3
    enemy: {fileID: 4624416607240220, guid: e9e0fe447ddea3c49b785859469d8306, type: 2}
    count: 45
    rate: 1
  spawnPoints:
  - {fileID: 0}
  - {fileID: 0}
  - {fileID: 0}
  timeBetweenWaves: 1
  waveCountdown: -0.0060435645
--- !u!114 &114747550132282434
MonoBehaviour:
  m_ObjectHideFlags: 1
  m_PrefabParentObject: {fileID: 0}
  m_PrefabInternal: {fileID: 100100000}
  m_GameObject: {fileID: 1830968545603518}
  m_Enabled: 1
  m_EditorHideFlags: 0
  m_Script: {fileID: 11500000, guid: f54a7fea62ce1a2418687859722ea33e, type: 3}
  m_Name: 
  m_EditorClassIdentifier: 
  crosshairImage: {fileID: 2800000, guid: 242f64be6448076419335e9337e68c1f, type: 3}
  Xoffset: -15
  Yoffset: 50
